@string{GJI = {Geophysical {J}ournal {I}nternational}}

@Article{Hawkins:2015:A,
  author = 	 {R. Hawkins and M. Sambridge},
  title = 	 {Geophysical imaging using trans-dimensional trees},
  journal = 	 GJI,
  year = 	 {2015},
  volume =       {203},
  number =       {2},
  pages =        {972-1000},
  doi =          {10.1093/gji/ggv326},
}

@Article{Hawkins:2017:A,
  author = 	 {R. Hawkins and R. Brodie and M. Sambridge},
  title = 	 {{B}ayesian trans-dimensional inversion of {A}irborne {E}lectromagnetic {2D} Conductivity profiles},
  journal = 	 {Exploration Geophysics},
  year = 	 {2017},
  doi =          {10.1071/EG16139},
}

@PhdThesis{Hawkins:2018:A,
  author = 	 {R. Hawkins},
  title = 	 {Advances in Trans-dimensional Geophysical Inversion},
  school = 	 {Research School of Earth Science, Australian National University},
  year = 	 {2018},
}

@Article{Sambridge:2014:A,
  author = 	 {M. Sambridge},
  title = 	 {A Parallel Tempering algorithm for probabilistic sampling and multimodal optimization},
  journal = 	 GJI,
  year = 	 {2014},
  volume = 	 {192},
  pages =        {357-374},
}
